@inproceedings{branco-silva-2004-evaluating,
    title = "Evaluating Solutions for the Rapid Development of State-of-the-Art {POS} Taggers for {P}ortuguese",
    author = "Branco, Ant{\'o}nio  and
      Silva, Jo{\~a}o",
    booktitle = "Proceedings of the Fourth International Conference on Language Resources and Evaluation ({LREC}{'}04)",
    month = may,
    year = "2004",
    address = "Lisbon, Portugal",
    publisher = "European Language Resources Association (ELRA)",
    url = "http://www.lrec-conf.org/proceedings/lrec2004/pdf/572.pdf",
}

@misc{Aelius,
    title = "Aelius {B}razilian Portuguese {POS}-Tagger and Corpus Annotation Tool, versão 0.9.7",
    author = "Alencar, Leonel Figueiredo de",
    address = "Fortaleza",
    year = "2013",
    howpublished = {\url{http://aelius.sourceforge.net/}},
    note = "Acessado em 7 de Agosto de 2019"
}

@inproceedings{MacMorpho1,
    title = "An Account of the Challenge of Tagging a Reference Corpus for Brazilian Portuguese",
    author = "Aluisio, Sandra and Pelizzoni, Jorge and Marchi, Ana Raquel and Oliveira, Lucélia de and Manenti, Regiana and Maquiafável, Vanessa",
    year = "2003",
    booktitle = "Proceedings of the 6th International Conference on Computational Processing of the Portuguese Language"
}


@article{MacMorpho3,
    title = "Evaluating word embeddings and a revised corpus for part-of-speech tagging in Portuguese",
    year = "2015",
    author = "Fonseca, Erick Rocha and Aluisio, Sandra and Rosa, Jo{\~a}o Luiz G.",
    journal = "Journal of the Brazilian Computer Society"
}

Galves, Charlotte; Andrade, Aroldo Leal de; and Faria, Pablo (2017, December). Tycho Brahe Parsed Corpus of Historical Portuguese. URL: http://www.tycho.iel.unicamp.br/~tycho/corpus/texts/psd.zip.
@misc{TychoBrahe,
    title = "Tycho Brahe Parsed Corpus of Historical Portuguese",
    author = "Galves, Charlotte and Andrade, Aroldo Leal de anda Faria, Pablo",
    year = "2017",
    howpublished = {\url{http://www.tycho.iel.unicamp.br/~tycho/corpus/texts/psd.zip.}}
}

@article{Cambria2014,
    author = {Cambria, Erik and White, Bebo},
    doi = {10.1109/MCI.2014.2307227},
    issn = {1556-603X},
    journal = {IEEE Computational Intelligence Magazine},
    month = {may},
    number = {2},
    pages = {48--57},
    title = {{Jumping NLP Curves: A Review of Natural Language Processing Research [Review Article]}},
    url = {http://ieeexplore.ieee.org/document/6786458/},
    volume = {9},
    year = {2014}
}

@inproceedings{Church1988,
    address = {Morristown, NJ, USA},
    author = {Church, Kenneth Ward and Ward, Kenneth},
    booktitle = {Proceedings of the second conference on Applied natural language processing  -},
    doi = {10.3115/974235.974260},
    file = {:home/leonardo/.local/share/data/Mendeley Ltd./Mendeley Desktop/Downloaded/Church, Ward - 1988 - A stochastic parts program and noun phrase parser for unrestricted text.pdf:pdf},
    pages = {136},
    publisher = {Association for Computational Linguistics},
    title = {{A stochastic parts program and noun phrase parser for unrestricted text}},
    url = {http://portal.acm.org/citation.cfm?doid=974235.974260},
    year = {1988}
}

@article{Rocha1999,
    abstract = {The morphological phenomenon of nominalization is a lexicalstandard which consists of the fomation of abstract substantivesfrom verbs (consagrar/consagra{\c{c}}{\~{a}}o, fingir/fingimento). Based onthe principles of Generative Morphology, this article aims to betterdefine the phenomenon, as well as to develop some aspects relatedto this linguistic mechanism, such as: the question of the derivationof the zero suffix (the problem of regressives), the study of whatmay be called the iterative -{\c{c}}{\~{a}}o suffix and the relation betweennominalization and discourse type.},
    author = {Rocha, Luiz Carlos de Assis},
    doi = {10.17851/2237-2083.8.1.5-52},
    file = {:home/leonardo/.local/share/data/Mendeley Ltd./Mendeley Desktop/Downloaded/Rocha - 1999 - A nominaliza{\c{c}}{\~{a}}o no portugu{\^{e}}s do Brasil.pdf:pdf},
    issn = {2237-2083},
    journal = {Revista de Estudos da Linguagem},
    month = {jun},
    number = {1},
    pages = {5--52},
    title = {{A nominaliza{\c{c}}{\~{a}}o no portugu{\^{e}}s do Brasil}},
    url = {http://www.periodicos.letras.ufmg.br/index.php/relin/article/view/2301},
    volume = {8},
    year = {1999}
}
@inproceedings{MacMorpho2,
    title = "Mac-morpho revisited: Towards robust part-of-speech",
    author = "Fonseca, Erick Rocha and Rosa, Jo{\~ao Luiz G.",
    booktitle = "Proceedings of the 9th Brazilian Symposium in Information and Human Language Technology",
    year = "2013"
}


